3024 4748
1229 296 1265 352 51

305 464 544 538 Privilegium‚
573 460 662 539 quod
690 461 832 524 verbum
862 461 951 540 apud
979 462 1097 541 script.
1119 479 1233 528 aureae
1252 469 1308 529 aet.

204 561 375 642 signifieat
410 561 521 641 legera
554 562 588 624 in
615 561 772 641 privatos
807 561 964 625 homines
998 561 1106 626 latam
1144 565 1206 640 (ofr
1242 566 1308 630 012.

204 664 291 742 legg.
311 662 372 727 III:
396 664 465 741 19),
486 665 651 742 argentea
666 665 771 725 aetate
787 661 888 725 aliam
905 663 1188 742 significationem
1209 667 1309 747 adep·

205 767 279 827 tum
307 767 375 829 est:
405 765 461 827 222
481 765 697 844 preciperetur
723 763 827 826 diioui
853 764 1026 843 22222222,
1055 765 1253 846 5222122222,
1275 773 1311 830 et
1351 823 1352 827 ,

205 881 297 945 saepe
330 865 363 928 in
399 882 478 945 pan.
507 864 696 928 invenitur:
731 862 790 927 IV:
815 864 936 944 126,1
967 866 1058 928 22222
1081 903 1112 911 -
1134 868 1310 948 22222222

204 967 380 1045 02222222
405 970 482 1032 222.
526 965 607 1045 127,
629 965 648 1027 3
675 965 822 1044 2222222
848 964 985 1029 2222222
1001 967 1219 1048 2222222222
1237 987 1310 1032 oro·

204 1068 298 1132 rorice
317 1067 525 1147 professioni
551 1066 684 1129 222222
710 1069 738 1128 ei
761 1066 924 1129 22222222
941 1071 1122 1132 seruantes.
1168 1068 1248 1150 127,
1264 1071 1309 1133 25

204 1168 295 1231 soluo
324 1168 463 1231 horroris
494 1167 560 1230 ruei
585 1166 773 1247 2222222222.
815 1166 890 1230 VII:
915 1168 995 1243 178,
1018 1169 1037 1230 5
1067 1169 1164 1232 dubis
1190 1175 1218 1234 et
1243 1171 1312 1235 iiiio

204 1287 361 1349 2222222,
381 1270 558 1332 constitues
569 1268 762 1348 2222222222.
803 1267 866 1331 XI:
884 1268 967 1348 250,
982 1269 1028 1331 30
1052 1271 1141 1333 uitro
1160 1273 1312 1335 orrrrribus

201 1370 336 1450 222222
354 1371 585 1433 2222222222
597 1362 779 1449 22222222
795 1370 961 1449 22222222
980 1371 1189 1458 2222222222.
1229 1372 1309 1436 XII:

207 1471 291 1550 293,
307 1471 348 1532 11
366 1469 450 1533 boui
463 1471 595 1534 2222222
611 1471 669 1534 iibi
680 1470 835 1533 22202222
846 1471 1064 1550 2222222222
1076 1473 1309 1537 2222222222.

305 1575 516 1632 Proculoare
548 1587 609 1651 pro
642 1571 833 1634 ooueuioore
864 1570 958 1647 (Cio.)
985 1570 1027 1635 V:
1052 1573 1133 1652 139,
1160 1574 1202 1635 15
1235 1592 1310 1638 eurr

205 1672 323 1734 222222
335 1672 531 1752 2222222222
550 1672 865 1735 222221222222222.
899 1670 955 1734 Ita
966 1676 1093 1752 poetae,
1104 1673 1178 1737 Liv.
1191 1676 1309 1757 script.

207 1789 276 1852 arg.
305 1776 362 1837 aet.

234 1944 237 1961 Ι
305 1876 495 1951 Prodigere
522 1872 543 1937 1.
564 1890 591 1936 s.
614 1890 645 1952 q.
666 1873 848 1952 effundere,
869 1872 1040 1953 dissipare
1059 1874 1163 1952 (012).
1202 1876 1310 1941 Abso-

205 1973 276 2037 lute
309 1974 437 2038 dietum
465 1972 528 2038 IX:
550 1975 634 2052 203,
655 1975 699 2038 27
734 1972 937 2053 “fruimini“
972 1976 1080 2039 oiebai
1116 1975 1308 2058 “dissrbote,

199 2073 401 2155 2222222121.
447 2074 530 2138 Cum
559 2093 628 2139 auo.
654 2075 809 2139 iunctum
832 2074 895 2139 XI:
917 2076 1001 2157 252,
1023 2076 1069 2139 28
1090 2078 1255 2157 quidquid
1273 2117 1301 2124 —

204 2177 265 2239 222
291 2177 330 2239 22
356 2175 555 2256 cupiditates
576 2178 741 2257 22222222
763 2177 993 2256 2222222222.

303 2281 516 2352 Rotundus,
532 2277 623 2356 quod
636 2279 779 2341 verbum
795 2277 885 2357 apud
899 2281 969 2357 opt.
986 2279 1104 2358 script.
1120 2295 1257 2360 semper
1269 2281 1310 2344 de

203 2377 288 2441 loeis
314 2377 348 2441 in
376 2394 442 2441 usu
461 2382 526 2459 est,
546 2382 663 2442 tamen
684 2377 791 2442 semel
811 2379 901 2457 apud
921 2378 987 2443 012.
1008 2379 1217 2444 translatam
1238 2382 1307 2444 viru

204 2478 308 2542 habet
334 2478 524 2559 (profunda
546 2478 728 2558 libidines),
748 2479 998 2558 posterioribus
1018 2481 1183 2544 aetatibus
1202 2482 1307 2546 etiarn

202 2579 243 2642 de
271 2579 346 2643 aliis
378 2581 481 2643 rebus
514 2581 760 2660 usurpabatur,
788 2584 829 2643 ut
854 2579 897 2642 II:
920 2582 978 2661 93,
1000 2582 1020 2644 9
1049 2583 1099 2644 ire
1120 2600 1251 2661 222222
1277 2601 1311 2647 22

201 2681 238 2743 22
254 2681 471 2761 profundere
488 2681 628 2760 furreru.
667 2680 713 2744 X:
735 2681 818 2760 241,
841 2682 1092 2761 5222222022
1111 2685 1189 2746 urbi
1207 2685 1310 2748 oiirrr

201 2785 312 2861 ueritus
334 2781 532 2862 perdomitor
559 2782 790 2846 eorrdiderrrrei.

301 2887 508 2960 Progressio
536 2884 674 2964 proprio
702 2900 807 2945 sensu
834 2885 1040 2961 usurpatum
1068 2883 1159 2946 idern
1187 2888 1243 2948 est
1269 2904 1309 2950 ae

199 2999 401 3063 2222222222
427 2982 487 3047 HI:
512 2983 658 3064 108,17
689 3001 792 3063 22222
819 2984 908 3047 orriri
926 2983 1012 3046 2220
1030 2986 1226 3064 2222222222
1240 2988 1310 3066 feeit

201 3101 259 3147 rreo
285 3085 418 3147 2222222
450 3085 604 3164 oorefeoiio
634 3103 693 3148 reee
725 3084 831 3148 222222
858 3085 1078 3147 2222222222
1104 3103 1169 3149 222
1190 3105 1308 3168 22222-

201 3186 298 3249 roiio.
340 3185 481 3249 Nullum
508 3184 612 3248 alium
640 3186 765 3266 losum,
795 3185 854 3249 ubi
882 3185 1001 3248 eadem
1023 3186 1070 3248 sit
1089 3187 1307 3269 significatu,

201 3303 325 3350 invem.

300 3391 465 3449 Prolixus
492 3388 634 3451 verbum
664 3388 705 3451 de
733 3404 831 3451 corna
858 3387 988 3450 dietum
1015 3387 1105 3450 idern
1134 3393 1189 3452 est
1217 3392 1307 3469 quod

194 3489 390 3568 2222222222
416 3487 458 3552 V:
483 3489 564 3569 143,
585 3489 630 3552 32
659 3489 719 3552 iiio
742 3489 892 3552 borbore
911 3495 970 3551 orei
988 3489 1173 3553 irriioiioue
1191 3491 1307 3555 borbo-

200 3590 264 3654 rice
291 3590 369 3652 2222
397 3590 486 3653 2222
513 3591 611 3653 uestis
638 3594 667 3653 ei
686 3590 823 3670 222222
849 3590 1307 3666 2222222222222122222-

201 3696 307 3769 pora).
337 3690 384 3754 Iis
411 3690 506 3772 louis,
535 3691 592 3753 ubi
620 3693 724 3754 antea
752 3692 816 3754 hoe
840 3692 984 3754 verbum
1001 3692 1092 3771 apud
1111 3692 1185 3756 Ter.
1210 3692 1305 3774 Virg.

203 3790 265 3855 Or.
294 3791 335 3855 de
362 3793 469 3855 barba
496 3795 532 3855 et
559 3791 682 3872 capilio
711 3791 863 3855 adhiberi
890 3793 1091 3871 putabatur,
1113 3810 1202 3856 nuno
1228 3794 1306 3873 legi-

202 3893 273 3955 tur:
301 3893 503 3972 promissua
557 3893 606 3956 De
634 3896 790 3973 tempore
817 3897 1007 3972 usurpatur
1034 3910 1096 3972 pro
1124 3895 1218 3974 iorroo
1240 3894 1303 3959 XI:

144 4040 146 4047 .
202 3993 286 4073 249,
307 3993 326 4055 2
356 3997 391 4057 22
416 3995 453 4057 ire
479 3995 659 4057 22222222
679 3995 849 4074 principis
867 3996 974 4056 riustri
995 3998 1119 4074 222222
1135 4000 1217 4059 reios
1234 4015 1307 4076 pro·

200 4095 314 4175 22222,
342 4097 433 4159 toreio
454 4095 674 4175 2222222202
695 4096 926 4176 2222222222,
945 4100 985 4159 ut
1012 4096 1101 4175 apud
1121 4096 1305 4162 Iuriscona
