3024 4748
1230 307 1269 363 97

203 474 379 538 audiatur:
424 477 511 556 erat,
548 475 569 540 i.
599 493 631 555 q.
671 474 805 540 fuisset.
846 476 1086 557 Plusquampt’.
1126 477 1212 541 ooni.
1249 494 1310 556 pro

204 575 289 655 perf.
320 575 404 638 coni.
427 576 679 656 coniugationis
697 576 957 657 periphrasticos
976 577 1148 658 reperitur
1167 577 1209 641 V:
1229 578 1310 657 145,

203 677 225 739 5
255 696 352 759 nenne
379 677 462 739 enirn
475 714 512 722 -
527 679 682 741 nosoinins
708 684 826 761 qnonto
852 698 884 741 se
912 680 994 742 otios
1020 678 1132 760 furore
1155 679 1312 759 iootossot

203 778 232 840 si
255 775 454 857 ficticionn-
471 778 640 841 habuisset.
669 778 908 859 Plusquampf.
938 779 1024 843 coni.
1054 779 1226 858 coniugat.
1256 797 1310 859 pe-

203 877 308 957 riphr.
338 895 399 958 pro
427 878 512 958 perf.
543 879 628 943 coni.
659 880 791 959 coniug.
820 881 969 960 periphr.
997 879 1073 944 VH:
1101 881 1182 959 175,
1204 881 1249 943 29
1277 887 1312 942 nt

204 979 312 1042 stotini
344 979 413 1042 sino
448 979 541 1042 cinthio
568 981 733 1044 ascensuri
757 980 905 1062 fuissent,
932 983 1044 1044 nisi-
1063 980 1240 1071 snbtionitos
1264 978 1311 1062 fo·

201 1079 346 1160 follissot.
387 1081 452 1143 Sed
489 1085 583 1146 recte
618 1081 699 1145 XII:
721 1082 804 1162 239,
826 1083 873 1145 20
908 1103 984 1144 nnin
1017 1082 1145 1144 tondent
1170 1081 1311 1145 dubitant

198 1187 302 1264 potest
338 1181 415 1264 qnid
448 1181 549 1262 inerit
582 1203 615 1246 eo
643 1188 802 1266 pensante
826 1182 985 1263 footnrns,
1012 1185 1048 1246 et
1073 1181 1137 1246 XI:
1158 1183 1242 1262 246,
1263 1183 1308 1245 22

203 1288 299 1343 testor
318 1319 355 1326 -
377 1302 423 1344 nie
455 1283 556 1345 inulto
581 1321 612 1329 -
633 1283 735 1365 fnisse
767 1283 927 1346 diotnrnrn
949 1283 1032 1346 —si
1052 1319 1082 1329 -
1107 1282 1311 1346 Constantius

202 1381 430 1465 frequentaret,
476 1383 553 1447 Fut.
588 1402 641 1447 ex.
678 1400 740 1463 pro
777 1383 841 1447 tui.
875 1384 988 1464 simpl.
1023 1383 1198 1448 invenitur
1233 1383 1309 1448 VII:

211 1484 291 1563 178,
313 1483 357 1546 25
386 1484 493 1546 stotini
520 1486 580 1547 orit
605 1486 753 1548 restituto
779 1491 839 1561 (so,
864 1485 1001 1566 patria),
1030 1487 1059 1548 si
1085 1485 1211 1547 nidoris.

307 1600 344 1662 In
382 1601 557 1664 sententia
591 1601 841 1681 interrogativa
874 1601 959 1681 perf.
994 1602 1080 1665 ooni.
1110 1605 1310 1680 usurpatur,
1424 1649 1427 1659 .

206 1716 417 1779 quannmam
453 1703 609 1782 verbum,
647 1703 737 1781 quod
772 1702 982 1766 sententiam
1020 1702 1119 1782 regii,
1156 1702 1190 1764 in
1225 1702 1309 1782 perf.

206 1801 358 1880 positum
393 1805 448 1866 esi
479 1802 541 1866 IX:
564 1804 647 1884 208,
672 1804 713 1865 12
744 1803 853 1886 quatio
878 1802 1002 1884 fuerint
1028 1809 1088 1879 (se.
1108 1804 1227 1879 verba)
1254 1804 1312 1866 ote-

204 1904 330 1965 inontiio
357 1909 420 1966 tneo
445 1905 550 1986 niorin
575 1905 746 1986 nnntiooit,
769 1904 790 1967 i.
812 1921 843 1982 q.
873 1921 916 1967 ex
943 1903 1051 1984 glorta
1078 1904 1217 1968 seimus

634 2170 682 2230 De
703 2169 885 2232 infinitivo.

307 2323 489 2406 infinitivus
521 2324 690 2388 historiens
722 2325 754 2388 in
787 2324 864 2388 aliis
900 2342 944 2388 ex
975 2324 1193 2406 panegyricis
1220 2340 1313 2403 saepe

205 2425 366 2505 occurrit,
395 2426 429 2488 in
458 2426 535 2488 aiiii⁴
562 2443 751 2505 numquam
778 2426 963 2490 Invenitur.
1005 2426 1116 2489 Locos
1144 2426 1201 2489 ubi
1219 2442 1312 2504 repe·

205 2525 293 2587 riiui·
312 2527 492 2590 annotavi:
521 2525 581 2589 HI:
604 2528 863 2606 110,18-24.
894 2528 975 2605 111,
993 2527 1126 2590 9-11.
1147 2526 1210 2589 ΙΧ;
1228 2526 1312 2606 201,

210 2626 365 2691 18-21.
401 2628 551 2709 20315
581 2644 632 2706 sq.
663 2629 746 2708 207,
768 2629 902 2692 8-10.
933 2628 952 2690 2
983 2630 1016 2709 8,
1041 2629 1056 2690 1
1080 2644 1130 2706 sq.
1160 2627 1206 2690 X:
1229 2627 1312 2706 231,

208 2728 270 2788 8-
287 2729 341 2792 11.
363 2729 457 2793 ·ΧΠ;
485 2730 568 2809 294,
591 2730 637 2793 28
658 2746 709 2808 sq.
745 2731 828 2808 303,
853 2729 1010 2793 14-18.
1047 2729 1130 2809 303,
1150 2728 1311 2791 20-28.

206 2827 333 2906 305,4
362 2846 413 2907 sq.

307 2947 389 3010 Aoo.
426 2965 453 3010 o.
490 2948 548 3013 ins.
584 2947 867 3028 oum.pa1·tionla
895 2964 972 3026 quae
1000 2950 1055 3010 est
1079 2968 1168 3009 -ne
1196 2946 1310 3010 enolit.

206 3047 342 3126 positus
376 3052 430 3112 esi
464 3066 530 3112 nno
564 3049 651 3125 loeo,
685 3054 726 3112 ut
761 3048 1025 3112 admirationem
1063 3048 1243 3128 agnitioni,
1274 3049 1313 3108 nt

206 3148 295 3226 apud
331 3149 416 3213 alios
449 3151 580 3230 serint„
614 3150 677 3213 IX:
702 3151 782 3231 103,
804 3151 850 3212 26
878 3156 956 3229 tene,
982 3150 1167 3232 inperator,
1189 3155 1313 3210 tontnnr·

203 3250 312 3311 oninro
333 3252 475 3333 notuisse
496 3272 702 3335 prnnsnniore.

306 3371 470 3445 Adigere,
496 3369 517 3432 i.
540 3386 571 3447 q.
601 3369 769 3449 <isidoro-o,
792 3387 909 3451 conone,
928 3384 1064 3446 semper
1084 3367 1174 3445 apud
1189 3369 1312 3444 poetas

205 3470 243 3531 et
271 3467 348 3531 Tan.
378 3486 456 3532 enm
483 3469 541 3533 ins.
571 3473 701 3532 etune
730 3470 803 3534 loeo
832 3469 921 3548 apud
950 3467 1064 3532 Plani.
1094 3467 1193 3544 (auo.
1224 3466 1256 3546 3,
1278 3467 1311 3545 3,

210 3570 266 3643 19)
295 3586 371 3632 oum
400 3570 630 3651 coniunctim,
656 3578 691 3632 nt
710 3571 850 3649 omissa,
870 3569 1040 3649 imaginum
1070 3570 1129 3632 sed
1149 3574 1184 3630 nt
1202 3568 1312 3645 seqni-

205 3672 263 3732 im·
295 3669 374 3734 XII:
397 3671 479 3750 272,
504 3674 546 3735 18
582 3673 665 3755 qnoct
697 3678 732 3734 nt
764 3671 900 3733 cliooreni
929 3672 1037 3734 nirttns
1065 3669 1218 3752 ontiqobnt.
1258 3668 1313 3731 Cf·

206 3770 355 3849 Draeger.
384 3772 475 3835 Hiai.
505 3772 603 3853 Synt.
633 3773 676 3836 II:
696 3791 729 3853 p.
752 3774 836 3852 240,
858 3773 941 3852 284,
963 3773 1046 3835 320.

306 3893 518 3963 Admonere,
554 3892 574 3954 i.
602 3912 633 3969 q.
670 3890 806 3969 hortari,
840 3907 918 3952 oum
945 3907 1014 3953 eoo.
1045 3907 1072 3952 o.
1102 3886 1160 3949 int.
1191 3904 1251 3966 pro
1281 3893 1313 3947 nt

204 3992 242 4053 et
278 3990 362 4054 coni
401 3990 475 4055 VII:
507 3993 587 4069 rii,
615 3994 635 4055 0
673 3997 707 4053 nt
743 3997 771 4053 to
807 3989 849 4051 toi
882 4010 985 4053 rornnr
1020 3997 1148 4052 tnnrnni
1173 3987 1313 4069 fotioitns

203 4091 386 4154 ndirronorat
412 4093 463 4155 ilis
491 4093 720 4156 innitortniibns
744 4092 831 4173 forro
851 4111 920 4174 onie
939 4099 1111 4154 ootnnorns.
1150 4089 1234 4152 (tuni
1252 4089 1310 4151 inf.
