3024 4748
362 277 400 335 56

319 467 390 514 ram
424 448 589 530 explieat
626 448 740 515 Etiam
768 450 858 530 apud
888 449 954 514 Oia.
983 452 1091 518 verba
1118 469 1195 530 quae
1222 457 1305 518 sunt
1331 471 1427 521 sane·

319 554 377 614 tas
410 554 447 616 55
474 550 656 631 religiosus
688 551 779 615 inter
806 567 844 617 se
873 552 1139 635 coniunguntur,
1169 558 1224 620 ut:
1254 556 1426 637 templum

320 655 479 715 sanatum
507 656 543 716 55
569 652 780 732 religiosum.

420 774 612 844 Relatum,
641 771 731 850 qnod
759 771 904 834 verbum
932 773 1115 851 poetarum
1143 775 1180 836 55
1206 773 1323 854 script.
1352 792 1428 855 arg..

320 855 376 935 at.
405 872 581 952 proprium
616 874 682 953 est,
715 870 885 935 translate
914 871 1038 938 dicitur
1065 872 1145 938 XII:
1167 875 1251 954 283,
1273 875 1317 939 27
1346 877 1432 940 uitta

249 1013 255 1025 ·
328 989 458 1053 -quoa
488 973 601 1036 iqutae
628 972 872 1052 quodammodo
897 973 1139 1053 reluctantique
1164 979 1299 1039 uuturce
1325 976 1426 1040 5555-

318 1091 402 1137 uuui
427 1074 554 1154 pericla
579 1075 785 1154 rapuissent.
824 1072 923 1150 (Ptin.
952 1091 1031 1154 pan.
1054 1076 1111 1156 55,
1136 1077 1206 1154 18.)
1239 1077 1372 1141 Invitus
1390 1080 1432 1142 55

319 1177 502 1240 reluctatus
529 1174 782 1254 coniunguntur
808 1173 896 1239 Veli.
923 1175 1061 1256 2,102.

420 1297 593 1356 Renidere
626 1293 770 1357 verbum
803 1292 874 1356 fere
905 1292 1080 1372 poetieam
1109 1296 1163 1357 est
1190 1297 1226 1358 et
1252 1295 1365 1359 rarius
1390 1296 1428 1359 in
1498 1347 1502 1353 .

322 1395 477 1459 aratione
505 1394 621 1459 soluta
646 1393 821 1457 invenitur
848 1393 950 1473 (apud
975 1393 1048 1458 Liv.
1065 1393 1143 1458 Tae.
1163 1395 1278 1458 Amin.
1294 1395 1428 1476 Apuli.⁴

318 1496 380 1560 XI:
414 1497 497 1577 255,
530 1496 573 1559 31
616 1494 793 1559 uuuiuius
830 1495 1016 1574 55555555
1055 1512 1211 1559 seueuuui
1254 1497 1429 1561 ueuideua

317 1597 515 1661 Verisimile
543 1596 715 1660 astinem
743 1595 885 1659 verbum
912 1596 1080 1676 scripturn
1107 1613 1184 1660 esse
1202 1596 1248 1660 X:
1266 1597 1349 1678 240,
1380 1598 1424 1661 14

319 1700 446 1762 557555
481 1700 593 1778 ipsunt
625 1697 763 1776 uuquati
801 1696 929 1760 decerta
960 1698 1136 1777 yruuitute7
1168 1697 1340 1762 hilaritate
1367 1699 1428 1762 act-

317 1801 436 1882 55555,
464 1797 695 1863 5555555555
723 1797 888 1877 quiddam
907 1801 935 1861 et
953 1798 1096 1862 uiuabite
1113 1798 1329 1882 5555555555,
1350 1801 1433 1879 quia

317 1901 416 1982 51555
443 1901 578 1981 exsequi
599 1899 729 1980 5555557
762 1897 862 1962 Hane
888 1886 1071 1962 lectionem
1098 1899 1172 1963 edd.
1193 1898 1322 1964 habent
1340 1917 1426 1981 prae·

317 2008 371 2066 ter
398 2001 647 2082 Baehrensium‚
677 1999 735 2081 qui
763 1999 896 2079 aceepit
923 1998 1107 2063 lectionem
1136 2000 1248 2064 eada:
1277 2001 1429 2066 reniten-¹

317 2108 389 2167 tem
416 2102 585 2183 (reniteat,
616 2100 705 2180 quod
734 2101 878 2163 verbum
907 2099 1083 2164 rarissime
1111 2100 1425 2181 5511οΡ55555-

317 2206 407 2269 bras.
437 2204 555 2284 script.
585 2201 667 2267 ecel.
697 2201 879 2280 reperitur.

417 2323 640 2400 Reparabilis
672 2336 741 2383 vox
778 2319 914 2398 poetica
946 2318 1008 2383 IX:
1035 2319 1119 2400 202,
1141 2320 1186 2383 25
1221 2338 1294 2400 quae
1327 2325 1431 2385 eruut

316 2423 525 2504 5555550555
548 2421 697 2501 5555555
724 2426 784 2496 (se.
806 2426 926 2498 anna).
968 2419 1093 2484 Paucis
1119 2420 1205 2485 locis
1232 2422 1323 2502 apud
1343 2421 1426 2486 San.

316 2528 352 2588 55
378 2525 493 2588 Ainm.
522 2525 723 2603 usurpatur.

416 2646 620 2720 Repensare
652 2639 716 2704 XI:
742 2639 825 2719 259,
854 2641 869 2702 1
907 2656 1020 2702 uuues
1046 2640 1082 2703 iu
1109 2640 1245 2703 eiueuiio
1271 2641 1431 2705 eiciemus

315 2743 520 2824 repensandi
543 2742 672 2821 fiducia
697 2757 821 2820 uiaque
847 2744 1012 2820 erectoque
1026 2741 1141 2804 uuiuto
1159 2758 1287 2805 auruuu
1306 2761 1428 2823 uuyeu·

314 2848 449 2925 tuaeque
485 2844 688 2925 aepuoueue.
740 2841 816 2905 Non
853 2858 945 2923 sape
983 2842 1074 2922 apud
1110 2841 1188 2906 San.
1228 2842 1297 2907 Cot.
1333 2843 1423 2908 Veli.

315 2946 496 3026 reperitur.

415 3067 626 3140 Repositum
653 3059 865 3126 substantivi
891 3059 966 3124 loeo
986 3063 1175 3141 usurpatur
1197 3060 1278 3125 XII:
1300 3061 1427 3142 2800

313 3166 455 3244 reposito
478 3165 566 3244 frui,
595 3164 627 3227 h.
653 3180 682 3227 5.
711 3181 750 3226 ea
776 3180 813 3226 ue
841 3180 915 3242 quae
937 3162 1083 3242 5555555
1102 3165 1158 3225 eat.
1189 3162 1309 3242 290,9
1329 3163 1429 3227 intua·

313 3266 496 3345 repositum
522 3264 691 3328 Palatinae
717 3263 812 3344 uetita,
829 3263 861 3326 h.
878 3279 907 3326 5.
928 3263 1033 3326 uectem
1048 3263 1251 3344 interiorem,
1268 3264 1425 3344 actutum.

414 3388 570 3459 Reptare
593 3383 626 3445 in
645 3383 734 3462 part.
756 3381 841 3461 perf.
862 3398 956 3459 pass.
978 3380 1200 3444 transitivam
1220 3381 1291 3444 vim
1307 3382 1426 3462 habet,

312 3485 333 3548 i.
359 3500 391 3563 q.
421 3483 584 3563 55555555
610 3484 780 3546 transitus
805 3481 886 3545 XII:
908 3483 992 3563 274,
1014 3483 1058 3545 27
1082 3481 1422 3562 ueniiuisDeIasuep-

312 3588 382 3648 tatu
409 3585 619 3664 5555555055,
647 3587 688 3647 ut
715 3582 822 3647 semet
850 3583 939 3663 apud
968 3582 1058 3647 Stat.
1081 3582 1197 3660 (Theb.
1218 3582 1260 3647 V:
1284 3584 1368 3660 531)
1388 3585 1425 3646 55

312 3686 365 3750 bis
398 3685 487 3765 apud
523 3684 699 3750 claudian.
733 3691 839 3762 (cons.
867 3684 997 3748 Honor.
1028 3685 1153 3765 4,134
1183 3684 1280 3748 etin
1308 3683 1424 3747 Rufin

312 3788 345 3867 2,
379 3788 472 3862 180).

412 3893 593 3961 Reserare,
622 3887 643 3951 i.
665 3904 696 3966 q.
718 3888 890 3964 (obseura)
910 3887 1055 3967 aperire,
1076 3904 1136 3967 per
1156 3885 1423 3949 translationem

312 3988 435 4051 dieitur
470 3988 533 4052 XI:
561 3989 645 4070 257,
672 3989 716 4051 21
755 3992 824 4051 tuto
858 3993 941 4068 aput
971 3992 999 4051 te
1033 3989 1147 4051 euiuia
1174 3988 1285 4050 uuiiut
1308 3990 1425 4068 opertu

310 4091 475 4153 reserabo,
517 4089 582 4152 Hie
610 4106 694 4154 usus
722 4089 880 4168 postteus
908 4092 972 4153 est.
