3024 4748
302 309 340 364 12

260 482 386 546 Contra
413 482 433 546 i.
460 501 491 562 q.
520 481 697 563 custodire,
723 481 899 562 defendere
917 482 976 547 VI:
1002 483 1364 563 0616101271.

263 584 318 648 12.
349 585 432 664 298,
454 585 512 648 21.

358 689 530 748 Assertor
562 685 582 749 i.
611 704 642 764 q.
677 684 811 755 vindex,
835 684 999 765 defensor,
1018 686 1078 750 HI:
1103 687 1183 765 104,
1206 688 1226 750 8
1249 706 1367 769 perpe·

126 839 128 847 .
258 791 338 850 tates
364 790 410 850 est
435 788 571 850 oirtatis
598 790 756 850 assertor.
779 786 864 850 XII:
887 788 1366 869 2839111060010001150-

258 889 338 953 tatis
364 892 513 955 (essertor
540 888 615 965 (Or.
645 890 681 951 et
708 887 827 967 script.
856 906 927 968 arg.
957 894 1028 966 aet.)

359 994 532 1051 Astruere
569 1007 630 1069 pro
668 990 823 1068 tribuere,
864 989 990 1053 addere
1029 991 1088 1056 Vr:
1119 992 1199 1072 152,
1230 991 1270 1055 17
1311 993 1368 1056 titi

258 1109 397 1154 sacram
424 1091 516 1154 istnd
539 1092 719 1170 fastipinnr
747 1090 870 1154 divinae
891 1093 1065 1171 potestatis
1092 1096 1267 1173 astrueret,
1291 1111 1367 1172 qnae

259 1192 464 1272 significatio
493 1192 597 1256 etiam
627 1192 716 1272 apud
744 1191 831 1255 alios
858 1195 914 1255 est
940 1196 980 1257 ut
1007 1194 1093 1257 Plin.
1123 1212 1201 1274 pan.
1226 1195 1284 1275 41,
1306 1196 1363 1258 20.

195 1287 196 1291 ’
262 1295 319 1373 70,
341 1294 399 1357 20.
428 1293 506 1357 Tac.
536 1293 628 1357 Hist.
649 1293 674 1357 I:
697 1295 754 1357 78.
783 1292 898 1373 Agris.
929 1295 986 1358 44.

360 1398 476 1457 Astus
504 1395 524 1458 i.
551 1413 581 1474 q.
612 1395 718 1476 dotas,
749 1395 837 1472 qnod
866 1397 1010 1460 verbum
1038 1399 1152 1477 poetae
1180 1397 1313 1476 antiqui
1332 1397 1365 1460 in

260 1494 412 1559 ablativo
441 1513 524 1559 casu
552 1497 637 1575 sing.
668 1513 760 1559 num.
791 1495 883 1559 nnilo
912 1497 1083 1562 attributo
1111 1497 1228 1562 addito
1249 1498 1365 1563 adver-

262 1596 397 1660 bialiter
424 1600 606 1678 usurpant,
635 1597 724 1677 apnd
754 1597 942 1676 scriptores
969 1600 1181 1680 posteriores
1205 1617 1298 1680 saepe
1321 1600 1366 1664 in·

260 1699 419 1762 verrimus
446 1717 523 1763 oum
552 1699 722 1762 adiectivo
751 1698 984 1781 coniunctam,
1013 1705 1053 1764 ut
1079 1701 1368 1783 1193120001·

259 1803 336 1864 asta
356 1800 510 1880 perdere.
1387 1819 1389 1824 ·

359 1906 535 1963 Attollere
564 1899 733 1964 translato
762 1917 867 1964 sensu
894 1901 915 1965 i.
942 1920 972 1982 q.
1002 1903 1124 1966 donare
1151 1922 1286 1984 ornare,
1303 1923 1366 1968 eae·

259 2004 336 2066 ieere
365 2003 445 2066 XH:
472 2004 623 2082 285,16
653 2003 837 2083 praefectae
870 2005 1042 2069 attoiiitar.
1086 2004 1141 2068 Cir
1169 2005 1246 2068 Tac.
1276 2004 1365 2068 Ann.

260 2103 320 2168 IH:
343 2106 400 2168 72.

361 2210 535 2268 Attonere
562 2205 595 2268 in
623 2205 707 2286 perf.
737 2207 826 2286 part.
856 2223 949 2284 pass.
979 2207 1185 2272 insolentius
1212 2208 1252 2270 nt
1275 2208 1364 2286 apud

259 2311 394 2388 poetae,
423 2306 509 2371 Plin.
537 2307 701 2371 maiorem
729 2308 832 2370 rebus
847 2307 1007 2372 inanimis
1022 2313 1058 2372 et
1073 2308 1260 2372 abstractis
1275 2307 1365 2370 addi-

261 2411 317 2473 tnr
350 2408 392 2473 V:
424 2409 572 2488 138,10
601 2411 691 2472 oiros
717 2409 858 2472 ederedo
877 2410 1013 2489 feritate
1040 2409 1255 2491 trepidantes.
1285 2409 1365 2473 XH:

262 2512 345 2592 308,
367 2512 413 2574 30
441 2512 602 2574 attonitas
628 2514 754 2590 stapor.
792 2511 840 2574 De
869 2510 1065 2575 hominibus
1084 2511 1207 2575 dicitur
1221 2510 1263 2574 V:
1284 2511 1365 2589 143,

262 2613 320 2676 22.
349 2611 425 2676 VH:
451 2613 531 2693 176,
554 2613 611 2676 33.
640 2612 702 2676 XI:
725 2611 807 2691 249,
830 2613 888 2674 20.
919 2615 1001 2692 267,
1026 2615 1081 2677 10.
1103 2612 1183 2676 XII:
1206 2612 1364 2691 305,18.

361 2718 569 2776 Attreotare
597 2713 804 2777 translatam
832 2713 902 2777 vim
922 2714 987 2777 nisi
1003 2714 1055 2777 his
1067 2714 1152 2778 locis
1167 2731 1233 2777 non
1250 2713 1365 2777 habet:

261 2815 399 2878 dicendo
434 2816 595 2895 attinpere
627 2815 672 2879 X:
695 2816 818 2895 215,7
850 2817 1191 2879 01101017101081008
1218 2817 1367 2879 attrecta·

260 2919 353 2980 verit.
388 2915 468 2980 XH:
496 2917 579 2997 313,
606 2918 650 2980 25
680 2917 876 2996 prseteritos
908 2935 963 2980 res
989 2921 1068 2981 inas
1094 2920 1286 2982 attrectasse
1309 2918 1369 2997 fas

257 3019 374 3100 faerit.

360 3124 686 3181 Auctoramentum
713 3118 733 3182 i.
760 3137 790 3197 q.
820 3137 945 3182 merces
972 3120 1051 3184 XII:
1074 3121 1157 3200 311,
1180 3123 1199 3183 2
1229 3121 1297 3183 nisi
1320 3122 1370 3184 idi

261 3242 295 3286 se
322 3222 566 3285 reiectoranrenti
590 3221 744 3298 descisset
770 3224 914 3284 actorem
937 3224 1037 3302 (conj.
1067 3221 1203 3298 Baehr.).
1224 3221 1265 3286 V:
1287 3223 1367 3302 141,

262 3326 281 3386 4
313 3327 603 3387 auctoramentum
630 3323 716 3386 tardi
744 3322 966 3386 discriminis.

362 3429 593 3487 Auditorium
620 3424 852 3504 metonymice
880 3442 941 3504 pro
969 3425 1185 3488 anditorioas
1203 3423 1261 3488 IV:
1287 3424 1368 3504 125,

263 3529 306 3591 27
338 3526 437 3603 (Plio.
468 3543 521 3606 ep.
551 3524 646 3589 Suet.
675 3523 804 3605 Aput).

363 3632 608 3705 Augmentum
641 3627 784 3690 verbnm
819 3626 909 3707 apud
937 3626 1125 3706 scriptores
1152 3629 1281 3706 poster.
1311 3628 1368 3690 aet.

262 3729 432 3812 imprimis
466 3729 556 3809 apud
584 3727 850 3792 iurisconsultos
877 3727 1146 3791 usitatissimam
1174 3728 1370 3792 invenimus

262 3832 324 3895 XI:
353 3831 437 3911 256,
462 3831 506 3893 22
542 3830 628 3893 aiiii
661 3831 812 3910 speranti
839 3829 923 3892 aiiii
950 3829 990 3892 de
1016 3829 1154 3892 lionoris
1181 3833 1369 3910 aeeprneato.

363 3937 514 4009 Auspex
554 3948 632 3994 curn
672 3931 824 4010 genitivo
866 3930 1088 3994 coniunctum
1126 3931 1146 3995 i.
1173 3950 1204 4010 q.
1239 3931 1279 4013 is,
1314 3933 1369 4011 qui

263 4035 327 4099 alci
355 4035 404 4098 rei
433 4033 516 4097 felix
543 4032 680 4096 initium
708 4036 763 4096 est
790 4031 846 4096 vol
874 4032 944 4113 dat,
965 4032 1099 4097 duobus
1118 4033 1203 4097 locis
1221 4034 1263 4098 V:
1289 4033 1369 4113 134,

264 4139 284 4210 6
314 4155 330 4199 0
352 4134 504 4199 liniendae
527 4134 661 4212 Martiae
677 4171 708 4181 -
725 4137 929 4202 aeternornm
947 4135 1102 4220 adspices
1114 4136 1369 4218 imperatorem.
