3024 4748
11 1373 13 1376 ’
75 1440 76 1443 ,
227 1328 275 1452 St
310 1388 386 1466 quis
414 1387 553 1468 penitus
580 1385 770 1466 intelligere
798 1386 894 1467 velit,
923 1385 1036 1465 qualis
1063 1386 1229 1466 cuiusque

123 1489 255 1552 indoles
282 1492 318 1551 et
345 1491 470 1551 natura
497 1487 612 1568 populi
642 1492 857 1567 aetatumque
885 1488 1097 1568 singularum
1115 1488 1230 1567 100111,

39 1599 41 1602 ’
122 1590 260 1654 litteras
295 1588 517 1668 linguamque
552 1606 757 1668 cognoscere
792 1607 934 1654 necesse
962 1593 1028 1670 est,
1057 1606 1160 1668 quum
1187 1606 1230 1652 ex

123 1691 216 1755 nulla
251 1692 317 1755 alia
353 1709 389 1754 re
425 1689 548 1753 melius
584 1690 739 1754 concludi
771 1692 894 1771 possit,
930 1690 1071 1769 quantis
1106 1691 1231 1770 ingenii

123 1793 350 1856 facultatibus
374 1792 540 1872 praeditus
568 1791 682 1856 fuerit.
729 1792 861 1872 Lingua
889 1793 978 1855 enim
1004 1793 1078 1855 sola
1098 1797 1230 1855 certum

125 1895 224 1973 quasi
252 1894 514 1956 fundamentum
544 1896 609 1974 est,
639 1911 658 1956 a
687 1910 753 1971 quo
782 1894 814 1956 in
835 1893 1062 1972 diiudicaudo,
1084 1911 1171 1971 quos
1190 1895 1232 1958 ad

124 1996 251 2073 gradus
279 2012 415 2073 quoque
444 1998 600 2074 tempore
620 1995 814 2058 ascenderit
830 1995 944 2058 cultus
959 1994 1065 2057 animi
1079 1994 1232 2058 humani-

124 2097 289 2177 tatisque,
318 2096 558 2176 proficiscaris,
587 2113 696 2174 eaque
724 2096 808 2160 duce
836 2096 913 2158 inde
941 2097 982 2159 ab
1011 2095 1108 2158 initio
1127 2097 1231 2176 perci-

125 2215 207 2278 pere
234 2198 326 2278 licet,
355 2200 472 2260 utrum
501 2197 704 2260 adolescens
731 2197 916 2261 increverit
935 2215 978 2260 an
998 2214 1184 2260 senescens
1199 2198 1232 2260 in

125 2300 225 2378 peius
253 2317 289 2361 se
314 2299 536 2362 converterit.
583 2298 657 2378 Qua
684 2316 720 2361 10
748 2316 891 2379 prorsus
910 2302 1093 2378 perspecta
1112 2301 1232 2362 nostro

127 2401 262 2478 quidem
293 2400 420 2463 saeculo
444 2401 477 2462 10
506 2400 633 2479 linguis
659 2400 918 2479 perscrutandis
937 2402 973 2462 01
993 2400 1233 2479 comparandis

126 2503 215 2565 docti
239 2503 302 2565 viri
331 2502 485 2565 studiose
513 2501 761 2581 diligenterque
789 2501 1040 2593 versati‘sunt,
1070 2518 1137 2579 quo
1166 2500 1232 2565 100-

127 2607 200 2666 tum
236 2607 301 2684 est,
335 2607 375 2666 01
407 2604 447 2666 00
476 2620 647 2666 summam
682 2603 823 2682 gloriam
853 2603 1087 2682 honoremque
1115 2619 1232 2683 perve-
1265 2659 1267 2663 ,

126 2705 216 2767 niret
236 2705 391 2768 scientia.
440 2705 503 2784 Qui
523 2722 628 2783 quum
648 2705 681 2766 10
701 2704 817 2783 lingua
836 2703 960 2767 Latina
979 2704 1093 2768 conati
1114 2707 1234 2767 esseut

128 2806 319 2886 exquirere,
350 2806 429 2882 quid
458 2806 623 2884 cuiusque
642 2806 794 2869 auctoris
810 2806 984 2887 proprium
1002 2809 1108 2885 esset,
1123 2805 1234 2884 iisque

128 2904 253 2984 linguae
281 2906 445 2968 aetatibus
472 2907 729 2988 perspiciendis
760 2908 884 2986 quibus
910 2924 1034 2970 nomen
1063 2924 1177 2970 aureae
1198 2912 1234 2970 et

127 3009 301 3085 argenteae
336 3009 391 3068 est
417 3008 561 3069 inditum
592 3009 719 3088 aratio,
749 3026 922 3072 summum
952 3008 1104 3078 studium
1135 3008 1233 3071 collo·

128 3111 277 3189 cassant,
303 3111 419 3170 tamen
440 3110 633 3188 posteriori,
658 3110 736 3187 quid
753 3127 813 3189 per
828 3127 865 3173 se
881 3114 985 3190 esset,
1002 3108 1234 3187 intelligendae

128 3211 241 3273 minus
269 3210 510 3273 incubuerunt.
553 3209 661 3288 Quam
679 3211 707 3271 si
724 3212 933 3290 perscrutati
947 3211 1116 3291 uidemus,
1132 3228 1234 3288 quan·

126 3314 201 3375 tum
230 3329 285 3375 res
313 3311 396 3374 foris
424 3310 583 3388 domique
611 3313 719 3388 gestae
747 3312 788 3374 ad
809 3311 960 3390 linguam
984 3311 1144 3375 Latinam
1165 3329 1234 3375 001-

126 3413 352 3494 rumpendam
381 3412 564 3491 valuerint,
594 3412 709 3474 nescio
738 3429 779 3475 au
809 3412 908 3475 valde
931 3413 1070 3493 referat,
1101 3415 1140 3475 01
1160 3429 1234 3492 cog·

40 3545 44 3554 »
128 3517 302 3578 noscatur.
349 3513 437 3576 Nam
466 3530 533 3592 quo
562 3513 672 3591 magis
698 3514 852 3576 moribus
880 3514 1114 3577 Romanorum
1143 3520 1234 3577 vete·

128 3616 223 3678 ritus
253 3617 294 3678 ad
323 3615 488 3678 mollitias
516 3614 712 3677 labentibus
740 3631 794 3677 res
823 3615 943 3678 alienae
963 3615 1234 3693 invalescebant,

129 3733 169 3778 eo
199 3717 335 3779 facilius
355 3733 458 3778 voces
477 3715 667 3795 peregrinae
687 3719 942 3794 structuraque
959 3717 1109 3779 sermoni
1125 3717 1235 3779 veteri

128 3817 423 3881 imrniscelrantur.
470 3816 668 3898 Saepissime
696 3821 814 3880 autem
843 3818 1040 3897 scriptores,
1063 3834 1149 3896 quos
1169 3835 1234 3880 non

129 3918 278 3996 amplius
307 3919 339 3980 in
368 3918 509 3981 dicendo
539 3935 620 3981 suos
649 3917 755 3981 fuisse
784 3918 952 3999 videmus,
973 3919 1105 3998 priores
1120 3922 1235 3981 aucto-

128 4036 184 4081 res
207 4019 334 4081 imitari
364 4020 563 4100 studebant,
593 4020 831 4100 imprimisque
856 4020 920 4083 hoc
940 4019 981 4083 ad
1002 4020 1236 4098 eloquentiam

129 4123 165 4182 et
199 4120 240 4182 ad
274 4137 344 4200 eos,
374 4121 431 4197 qui
460 4120 693 4198 eloquentiam
723 4122 904 4202 docebant,
933 4121 1106 4201 pertinere
1135 4139 1236 4201 appa-

1158 4255 1169 4298 1
