3024 4748
1223 290 1261 346 93

201 472 238 531 oi
264 466 356 542 Tae.)
409 466 537 528 Tamen
571 464 605 527 in
638 464 691 527 his
727 463 860 527 dnobus
888 462 1056 542 exemplis
1084 462 1214 545 quisque
1241 460 1304 524 tor-

201 572 297 631 tasse
325 570 532 646 usurpatum
559 569 624 644 est,
654 565 743 644 quod
776 565 921 627 verbum
948 562 1152 643 superlativi
1180 562 1305 642 gradus

201 671 237 732 st
263 685 359 747 pron.
380 667 450 731 roll.
472 667 691 731 antecedunt.
710 702 740 710 -
755 665 835 728 XII:
857 666 940 741 287,
962 666 982 727 9
1006 686 1076 727 cnm
1098 665 1197 726 altero
1220 663 1304 747 qnis-

201 789 259 852 qne
291 767 492 849 conferimus.
536 767 616 830 XII:
641 767 724 845 302,
753 768 796 829 16
823 767 958 828 olternm
994 766 1124 849 qnisqne
1151 765 1305 848 complexi

195 890 257 953 per
284 868 420 952 obrupto
438 871 657 952 plomerontnr
677 868 721 944 (h.
738 884 767 931 θ.
784 866 872 930 aller
891 867 1039 931 allorum
1059 866 1114 930 vel
1134 867 1224 929 inter
1243 873 1304 941 so).

309 968 441 1054 Uterque
475 969 515 1038 de
548 969 681 1032 duobus
714 969 747 1031 in
776 967 899 1047 plurali
936 984 1079 1031 numero
1116 967 1305 1030 insolenter

200 1074 389 1150 usurpatur
407 1071 467 1133 III:
487 1071 567 1150 104,
587 1071 629 1133 15
649 1076 784 1153 ntrnqnc
797 1075 901 1131 oestro
917 1070 1060 1130 nnmino.
1089 1068 1149 1132 III:
1164 1070 1245 1146 108,
1259 1068 1303 1131 27

200 1179 334 1254 miroque
361 1171 473 1234 mnndi
500 1172 633 1234 inmino.
678 1170 800 1250 110,9
831 1189 868 1231 er:
893 1170 1035 1253 ntrisqne
1062 1171 1195 1253 Alpium
1223 1170 1306 1251 impis

201 1280 338 1337 oestrum
360 1292 475 1334 nnmen
496 1271 624 1352 effulsit.
665 1271 745 1334 XII:
759 1272 842 1351 276,
859 1272 901 1333 16
925 1277 1060 1354 ntroqne
1082 1272 1213 1333 meliora
1231 1276 1307 1333 snnt

202 1375 255 1451 (de
283 1375 396 1437 animo
421 1378 457 1436 et
484 1379 649 1452 corporo).
703 1372 949 1435 Adnotandum
976 1376 1032 1434 ost
1049 1371 1108 1436 IV:
1130 1372 1211 1450 118,
1233 1373 1253 1434 8
1280 1372 1308 1434 si

202 1482 332 1558 interque
367 1475 556 1558 experiundi
589 1494 687 1536 conso
719 1471 826 1554 officio
853 1479 1050 1549 commutent,
1079 1473 1136 1536 uni
1164 1473 1307 1535 verbum

204 1576 237 1638 in
265 1576 352 1655 plur.
382 1593 474 1639 nurn.
503 1576 656 1655 positum
690 1579 755 1652 ost,
789 1574 878 1652 quod
909 1591 1079 1652 nusquam
1109 1573 1197 1652 apud
1228 1571 1307 1647 Cio,

206 1677 265 1740 sed
293 1694 386 1756 saepo
414 1676 504 1756 apud
532 1676 618 1740 alins
645 1680 685 1739 ui
712 1675 797 1739 Caes.
826 1675 1011 1737 invonitur.

303 1779 398 1840 Atius
415 1814 445 1822 -
463 1778 547 1841 olins
578 1794 639 1857 pro
668 1794 751 1840 voce
779 1793 857 1854 quae
884 1779 939 1838 esi
966 1776 1092 1838 olter-
1109 1776 1190 1836 atter
1217 1791 1308 1854 repc-

203 1878 290 1941 rilur
316 1877 374 1942 IV:
391 1879 505 1957 118,0
526 1885 560 1940 nt
580 1878 678 1940 utinm
703 1877 833 1961 quictem
855 1876 1001 1938 tuborum
1022 1896 1118 1939 sonno
1140 1913 1171 1922 --
1182 1925 1191 1956 ,
1212 1877 1310 1938 utinm

202 1971 349 2063 qnondam
373 1979 527 2062 triumphi
549 1978 673 2042 schemo
698 1979 865 2041 deterrent.
894 1979 990 2041 Alins
1008 1979 1044 2040 et
1066 1978 1148 2039 niter
1166 1977 1255 2040 iuter
1274 1995 1310 2039 se

202 2081 413 2161 respondent·
440 2079 519 2143 XII:
533 2081 616 2159 276,
632 2081 675 2144 15
693 2079 784 2141 oiinct
809 2098 846 2140 erc
872 2080 971 2141 attero
992 2079 1103 2141 crescit
1122 2078 1175 2153 (οθ
1195 2078 1309 2141 altimo

203 2185 239 2246 et
266 2187 441 2260 corporei·
494 2179 582 2244 Unns
597 2218 627 2227 -
643 2182 724 2243 olter
750 2180 830 2243 XII:
852 2180 935 2259 273,
960 2180 1002 2242 18
1031 2180 1085 2262 qni
1107 2180 1312 2260 imperatoris

201 2284 298 2345 nnius
325 2289 466 2344 tneretnr
493 2289 627 2363 oetatem,
653 2283 786 2344 alterius
816 2281 942 2342 inroret
969 2279 1114 2342 laborem.
1156 2280 1241 2356 284,
1264 2281 1309 2342 24

204 2404 272 2445 omn
304 2382 423 2465 (triplex
454 2381 555 2463 fnerit
581 2384 639 2446 iste
666 2383 808 2459 dilectns,
835 2402 918 2444 nmis
946 2402 984 2443 erc
1009 2381 1139 2452 indicio,
1168 2382 1249 2443 niter
1275 2401 1313 2442 er

203 2483 283 2565 forto.
326 2485 409 2564 308,
435 2485 475 2545 11
506 2490 541 2545 nt
565 2481 709 2565 foteotnr
735 2489 829 2546 semet
855 2483 913 2544 nni
939 2483 1114 2562 victorium,
1137 2483 1233 2544 nitori
1260 2482 1311 2544 cie-

204 2584 273 2648 berc
303 2585 484 2648 oirntictom.

308 2686 517 2749 Pronornina
543 2690 655 2749 nenti.
685 2701 773 2765 gon,
803 2700 879 2763 qnae
907 2684 949 2746 ad
978 2688 1072 2747 corta
1092 2683 1313 2747 substantiva

208 2803 274 2849 non
303 2786 509 2864 reseruntur,
538 2787 571 2849 in
599 2787 641 2850 iis
658 2802 794 2864 quoquo
818 2785 956 2848 casibus
975 2801 1068 2865 saepo
1088 2788 1311 2865 usurpamus,

207 2886 266 2949 ubi
293 2903 359 2948 non
388 2904 431 2949 ex
460 2887 569 2951 forma
596 2888 655 2950 sed
678 2905 695 2950 θ
718 2904 809 2949 nexu
835 2886 1019 2949 sententiae
1041 2889 1198 2966 apparot,
1216 2886 1314 2949 ouius

208 2986 343 3067 generis
371 2987 418 3049 sit
444 3005 644 3067 pronomen,
673 2992 713 3051 ul
740 2987 800 3051 III:
826 2988 906 3068 106,
929 2987 973 3049 23
997 2990 1033 3050 ei
1051 2986 1110 3050 IV:
1136 2987 1315 3065 120,1θθ

209 3109 268 3173 qno
303 3087 507 3170 monifestnm
540 3095 595 3151 est.
635 3088 711 3152 VII:
729 3090 817 3168 170,
839 3089 883 3150 23
913 3109 951 3150 erc
977 3109 1037 3172 qno
1064 3108 1153 3150 nemo
1180 3087 1313 3151 dnbitnt.

207 3190 301 3254 VIII:
326 3191 406 3268 186,
432 3190 446 3250 1
478 3210 516 3251 erc
543 3210 602 3272 pno
635 3210 717 3273 sepe
751 3190 876 3252 occidit.
920 3188 982 3252 IX:
1005 3190 1088 3269 210,
1111 3190 1156 3252 26
1187 3209 1225 3250 en
1256 3209 1315 3272 qno

207 3293 277 3374 ipso
305 3296 450 3374 apparet.
491 3290 530 3353 In
559 3290 611 3352 liis
635 3290 804 3369 oxornplis
823 3290 973 3354 causalis
993 3291 1046 3354 vis
1066 3293 1131 3369 esi,
1153 3289 1211 3352 sod
1232 3294 1315 3352 torn-

208 3392 338 3472 poralis
370 3408 494 3454 sensus
528 3391 699 3470 reperitur
725 3391 818 3456 VIII:
844 3393 923 3470 184,
946 3394 964 3455 7
995 3413 1033 3454 erc
1060 3411 1119 3474 qno
1151 3410 1219 3452 com
1242 3393 1317 3453 nori

208 3513 319 3556 sensns
346 3493 548 3555 erconimorot
575 3491 740 3555 acerbiter.
786 3494 867 3571 100,
886 3494 929 3556 27
957 3513 995 3555 erc
1022 3513 1082 3576 qno
1107 3498 1141 3553 tn
1158 3492 1317 3573 imperare

208 3594 347 3675 coepisti.
360 3594 460 3658 -IV:
483 3595 564 3674 120,
587 3594 633 3656 26
656 3595 691 3655 in
718 3614 778 3677 qno
797 3614 851 3675 epo
863 3631 890 3638 -
903 3594 983 3656 ninii
1000 3593 1091 3656 tendi
1108 3613 1184 3655 mem
1202 3592 1315 3656 tribuo.

207 3693 249 3757 V:
275 3695 355 3774 136,
377 3695 396 3756 2
417 3696 451 3756 in
471 3716 572 3778 qno—
584 3695 790 3778 providentio
812 3700 905 3755 tno-
920 3695 1085 3777 apparuit.
1118 3695 1199 3771 141,
1224 3694 1267 3757 10
1283 3695 1317 3756 in

208 3807 268 3877 qno
296 3796 460 3877 praecipue
487 3797 714 3859 consulendum
739 3795 815 3877 fnit.
857 3786 1021 3875 vuiti,
1039 3796 1082 3858 31
1112 3796 1147 3856 in
1175 3815 1234 3878 qno
1253 3815 1316 3856 nno
1344 3812 1348 3816 ·

208 3896 367 3978 querelem
389 3896 436 3957 rei
460 3895 595 3978 pnblicce
616 3918 710 3980 poene
736 3897 891 3960 mernisti.
929 3895 1107 3975 Vinion,
1131 3896 1173 3958 12
1200 3896 1233 3956 in
1258 3917 1317 3979 qno

203 3997 313 4079 prirnn
341 3997 466 4058 consilii
493 3998 540 4059 tni
562 3998 627 4079 fnit
651 4000 742 4061 ratio.
782 3997 876 4062 VIII:
900 3999 979 4074 188,
1002 3999 1044 4060 14
1064 3998 1098 4058 in
1118 4016 1178 4080 qno
1193 4031 1224 4041 ·-
1241 4004 1318 4060 esset

209 4096 292 4180 qnod
321 4096 460 4178 fortasse
491 4098 741 4182 reprehenderet.
783 4099 830 4163 X:
852 4100 935 4178 234,
961 4099 1002 4161 12
1038 4099 1072 4160 in
1106 4117 1166 4181 qno
1194 4098 1316 4180 quidem
